<record><leader>00000cas a2200000 a 4500</leader><controlfield tag="001">30787656</controlfield><controlfield tag="008">940718d19uu1926ilucr ne      0    0eng c</controlfield><datafield ind1=" " ind2=" " tag="010"><subfield code="a">sn 94054425 </subfield></datafield><datafield ind1=" " ind2=" " tag="040"><subfield code="a">NVF</subfield><subfield code="b">eng</subfield><subfield code="c">NVF</subfield><subfield code="d">CVF</subfield><subfield code="d">NVF</subfield><subfield code="d">OCLCQ</subfield><subfield code="d">OCLCF</subfield><subfield code="d">OCLCO</subfield></datafield><datafield ind1="1" ind2=" " tag="029"><subfield code="a">AU@</subfield><subfield code="b">000025880113</subfield></datafield><datafield ind1=" " ind2=" " tag="042"><subfield code="a">pcc</subfield></datafield><datafield ind1=" " ind2=" " tag="043"><subfield code="a">n-us-il</subfield></datafield><datafield ind1="0" ind2="4" tag="245"><subfield code="a">The Woodstock American.</subfield></datafield><datafield ind1=" " ind2=" " tag="260"><subfield code="a">Woodstock, McHenry County, Ill. :</subfield><subfield code="b">Al F. Hook,</subfield><subfield code="c">-1926.</subfield></datafield><datafield ind1=" " ind2=" " tag="300"><subfield code="a">v.</subfield></datafield><datafield ind1=" " ind2=" " tag="310"><subfield code="a">Semiweekly</subfield></datafield><datafield ind1="1" ind2=" " tag="362"><subfield code="a">Ceased in July 1926.</subfield></datafield><datafield ind1=" " ind2=" " tag="580"><subfield code="a">Merged with: Woodstock daily sentinel (Woodstock, Ill. : 1921), to form: Woodstock daily sentinel and Woodstock American.</subfield></datafield><datafield ind1=" " ind2=" " tag="588"><subfield code="a">Description based on: Vol. no. 9 (July 2, 1926).</subfield></datafield><datafield ind1=" " ind2="0" tag="651"><subfield code="a">Woodstock (Ill.)</subfield><subfield code="v">Newspapers.</subfield></datafield><datafield ind1=" " ind2="7" tag="655"><subfield code="a">Newspapers.</subfield><subfield code="2">fast</subfield><subfield code="0">(OCoLC)fst01423814</subfield></datafield><datafield ind1=" " ind2="7" tag="651"><subfield code="a">Illinois</subfield><subfield code="z">Woodstock.</subfield><subfield code="2">fast</subfield><subfield code="0">(OCoLC)fst01217888</subfield></datafield><datafield ind1=" " ind2=" " tag="752"><subfield code="a">United States</subfield><subfield code="b">Illinois</subfield><subfield code="c">McHenry</subfield><subfield code="d">Woodstock.</subfield></datafield><datafield ind1="1" ind2="7" tag="785"><subfield code="t">Woodstock daily sentinel (Woodstock, Ill. : 1921)</subfield><subfield code="w">(DLC)sn 94054424</subfield><subfield code="w">(OCoLC)30787631</subfield></datafield><datafield ind1="1" ind2="7" tag="785"><subfield code="t">Woodstock daily sentinel and Woodstock American</subfield><subfield code="w">(DLC)sn 94054426</subfield><subfield code="w">(OCoLC)30787675</subfield></datafield></record>